<record><leader>00000cas a2200000 a 4500</leader><controlfield tag="001">11172036</controlfield><controlfield tag="008">840919d18181857pauwr ne      0    0eng c</controlfield><datafield ind1=" " ind2=" " tag="010"><subfield code="a">sn 84024587 </subfield></datafield><datafield ind1=" " ind2=" " tag="040"><subfield code="a">NPV</subfield><subfield code="b">eng</subfield><subfield code="c">NPV</subfield><subfield code="d">NPA</subfield><subfield code="d">NPH</subfield><subfield code="d">DLC</subfield><subfield code="d">NPX</subfield><subfield code="d">PPM</subfield><subfield code="d">NPH</subfield><subfield code="d">CNK</subfield><subfield code="d">NVK</subfield><subfield code="d">OCL</subfield><subfield code="d">NVF</subfield><subfield code="d">OCLCQ</subfield><subfield code="d">OCLCF</subfield><subfield code="d">OCLCO</subfield></datafield><datafield ind1="1" ind2=" " tag="029"><subfield code="a">AU@</subfield><subfield code="b">000020119823</subfield></datafield><datafield ind1=" " ind2=" " tag="042"><subfield code="a">pcc</subfield></datafield><datafield ind1=" " ind2=" " tag="043"><subfield code="a">n-us-pa</subfield></datafield><datafield ind1="0" ind2="0" tag="050"><subfield code="a">Newspaper 9422</subfield></datafield><datafield ind1="0" ind2=" " tag="130"><subfield code="a">Republican compiler (Gettysburg, Pa.)</subfield></datafield><datafield ind1="1" ind2="4" tag="245"><subfield code="a">The Republican compiler.</subfield></datafield><datafield ind1="1" ind2="3" tag="246"><subfield code="a">Compiler</subfield></datafield><datafield ind1=" " ind2=" " tag="260"><subfield code="a">Gettysburg [Pa.] :</subfield><subfield code="b">Jacob Lefever,</subfield><subfield code="c">1818-1857.</subfield></datafield><datafield ind1=" " ind2=" " tag="300"><subfield code="a">v.</subfield></datafield><datafield ind1=" " ind2=" " tag="310"><subfield code="a">Weekly</subfield></datafield><datafield ind1="0" ind2=" " tag="362"><subfield code="a">Vol. 1, no. 1 (Sept. 16, 1818)- ; -39th year., no. 33 (May 11, 1857).</subfield></datafield><datafield ind1=" " ind2=" " tag="500"><subfield code="a">Imprint varies: Printed by Jacob Lefever, &lt;1819&gt;; E.W. Stahle, &lt;1845&gt;; Henry J. Stahle, &lt;1849&gt;-1857.</subfield></datafield><datafield ind1=" " ind2=" " tag="500"><subfield code="a">"Democratic," &lt;1845&gt;.</subfield></datafield><datafield ind1="4" ind2=" " tag="510"><subfield code="a">Shaw &amp; Shoemaker</subfield><subfield code="c">45521</subfield></datafield><datafield ind1="4" ind2=" " tag="510"><subfield code="a">Brigham, C.S. Amer. newspapers,</subfield><subfield code="c">p 853</subfield></datafield><datafield ind1=" " ind2=" " tag="515"><subfield code="a">Issues for &lt;July 6, 1830-Sept. 15, 1835&gt; called also nos. &lt;617-888&gt;.</subfield></datafield><datafield ind1=" " ind2="0" tag="651"><subfield code="a">Gettysburg (Pa.)</subfield><subfield code="v">Newspapers.</subfield></datafield><datafield ind1=" " ind2="7" tag="655"><subfield code="a">Newspapers.</subfield><subfield code="2">fast</subfield><subfield code="0">(OCoLC)fst01423814</subfield></datafield><datafield ind1=" " ind2="7" tag="651"><subfield code="a">Pennsylvania</subfield><subfield code="z">Gettysburg.</subfield><subfield code="2">fast</subfield><subfield code="0">(OCoLC)fst01214261</subfield></datafield><datafield ind1="1" ind2=" " tag="700"><subfield code="a">Lefever, Jacob.</subfield></datafield><datafield ind1=" " ind2=" " tag="752"><subfield code="a">United States</subfield><subfield code="b">Pennsylvania</subfield><subfield code="c">Adams</subfield><subfield code="d">Gettysburg.</subfield></datafield><datafield ind1="0" ind2="0" tag="785"><subfield code="t">Compiler (Gettysburg, Pa. : 1857)</subfield><subfield code="w">(DLC)sn 85055100</subfield></datafield></record>